@ARTICLE{2013Sci...339..807A,
   author = {{Ackermann}, M. and {Ajello}, M. and {Allafort}, A. and {Baldini},
                  L. and {Ballet}, J. and {Barbiellini}, G. and {Baring},
                  M.~G. and {Bastieri}, D. and {Bechtol}, K. and {Bellazzini},
                  R. and {Blandford}, R.~D. and {Bloom}, E.~D. and {Bonamente},
                  E. and {Borgland}, A.~W. and {Bottacini}, E. and {Brandt},
                  T.~J. and {Bregeon}, J. and {Brigida}, M. and {Bruel}, P. and
                  {Buehler}, R. and {Busetto}, G. and {Buson}, S. and
                  {Caliandro}, G.~A. and {Cameron}, R.~A. and {Caraveo},
                  P.~A. and {Casandjian}, J.~M. and {Cecchi}, C. and {{\c
                  C}elik}, {\"O}. and {Charles}, E. and {Chaty}, S. and
                  {Chaves}, R.~C.~G. and {Chekhtman}, A. and {Cheung}, C.~C. and
                  {Chiang}, J. and {Chiaro}, G. and {Cillis}, A.~N. and
                  {Ciprini}, S. and {Claus}, R. and {Cohen-Tanugi}, J. and
                  {Cominsky}, L.~R. and {Conrad}, J. and {Corbel}, S. and
                  {Cutini}, S. and {D'Ammando}, F. and {de Angelis}, A. and {de
                  Palma}, F. and {Dermer}, C.~D. and {do Couto e Silva}, E. and
                  {Drell}, P.~S. and {Drlica-Wagner}, A. and {Falletti}, L. and
                  {Favuzzi}, C. and {Ferrara}, E.~C. and {Franckowiak}, A. and
                  {Fukazawa}, Y. and {Funk}, S. and {Fusco}, P. and {Gargano},
                  F. and {Germani}, S. and {Giglietto}, N. and {Giommi}, P. and
                  {Giordano}, F. and {Giroletti}, M. and {Glanzman}, T. and
                  {Godfrey}, G. and {Grenier}, I.~A. and {Grondin}, M.-H. and
                  {Grove}, J.~E. and {Guiriec}, S. and {Hadasch}, D. and
                  {Hanabata}, Y. and {Harding}, A.~K. and {Hayashida}, M. and
                  {Hayashi}, K. and {Hays}, E. and {Hewitt}, J.~W. and {Hill},
                  A.~B. and {Hughes}, R.~E. and {Jackson}, M.~S. and {Jogler},
                  T. and {J{\'o}hannesson}, G. and {Johnson}, A.~S. and {Kamae},
                  T. and {Kataoka}, J. and {Katsuta}, J. and {Kn{\"o}dlseder},
                  J. and {Kuss}, M. and {Lande}, J. and {Larsson}, S. and
                  {Latronico}, L. and {Lemoine-Goumard}, M. and {Longo}, F. and
                  {Loparco}, F. and {Lovellette}, M.~N. and {Lubrano}, P. and
                  {Madejski}, G.~M. and {Massaro}, F. and {Mayer}, M. and
                  {Mazziotta}, M.~N. and {McEnery}, J.~E. and {Mehault}, J. and
                  {Michelson}, P.~F. and {Mignani}, R.~P. and {Mitthumsiri},
                  W. and {Mizuno}, T. and {Moiseev}, A.~A. and {Monzani},
                  M.~E. and {Morselli}, A. and {Moskalenko}, I.~V. and {Murgia},
                  S. and {Nakamori}, T. and {Nemmen}, R. and {Nuss}, E. and
                  {Ohno}, M. and {Ohsugi}, T. and {Omodei}, N. and {Orienti},
                  M. and {Orlando}, E. and {Ormes}, J.~F. and {Paneque}, D. and
                  {Perkins}, J.~S. and {Pesce-Rollins}, M. and {Piron}, F. and
                  {Pivato}, G. and {Rain{\`o}}, S. and {Rando}, R. and
                  {Razzano}, M. and {Razzaque}, S. and {Reimer}, A. and
                  {Reimer}, O. and {Ritz}, S. and {Romoli}, C. and
                  {S{\'a}nchez-Conde}, M. and {Schulz}, A. and {Sgr{\`o}},
                  C. and {Simeon}, P.~E. and {Siskind}, E.~J. and {Smith},
                  D.~A. and {Spandre}, G. and {Spinelli}, P. and {Stecker},
                  F.~W. and {Strong}, A.~W. and {Suson}, D.~J. and {Tajima},
                  H. and {Takahashi}, H. and {Takahashi}, T. and {Tanaka},
                  T. and {Thayer}, J.~G. and {Thayer}, J.~B. and {Thompson},
                  D.~J. and {Thorsett}, S.~E. and {Tibaldo}, L. and {Tibolla},
                  O. and {Tinivella}, M. and {Troja}, E. and {Uchiyama}, Y. and
                  {Usher}, T.~L. and {Vandenbroucke}, J. and {Vasileiou}, V. and
                  {Vianello}, G. and {Vitale}, V. and {Waite}, A.~P. and
                  {Werner}, M. and {Winer}, B.~L. and {Wood}, K.~S. and {Wood},
                  M. and {Yamazaki}, R. and {Yang}, Z. and {Zimmer}, S.},
authortype = {Fermi LAT Collaboration},
    title = "{Detection of the Characteristic Pion-Decay Signature in Supernova
                  Remnants}",
  journal = {Science},
eprinttype = {arXiv},
   eprint = {1302.3307},
     year = 2013,
    month = feb,
   volume = 339,
    pages = {807-811},
    doi = {10.1126/science.1231160},
}

@ARTICLE{2013PhRvL.110n1102A,
  author = {Aguilar, M. and Alberti, G. and Alpat, B. and Alvino, A. and
                  Ambrosi, G. and Andeen, K. and Anderhub, H. and Arruda, L. and
                  Azzarello, P. and Bachlechner, A. and Barao, F. and Baret,
                  B. and Barrau, A. and Barrin, L. and Bartoloni, A. and Basara,
                  L. and Basili, A. and Batalha, L. and Bates, J. and Battiston,
                  R. and Bazo, J. and Becker, R. and Becker, U. and Behlmann,
                  M. and Beischer, B. and Berdugo, J. and Berges, P. and
                  Bertucci, B. and Bigongiari, G. and Biland, A. and Bindi,
                  V. and Bizzaglia, S. and Boella, G. and de Boer, W. and
                  Bollweg, K. and Bolmont, J. and Borgia, B. and Borsini, S. and
                  Boschini, M. J. and Boudoul, G. and Bourquin, M. and Brun,
                  P. and Bu\'enerd, M. and Burger, J. and Burger, W. and Cadoux,
                  F. and Cai, X. D. and Capell, M. and Casadei, D. and Casaus,
                  J. and Cascioli, V. and Castellini, G. and Cernuda, I. and
                  Cervelli, F. and Chae, M. J. and Chang, Y. H. and Chen,
                  A. I. and Chen, C. R. and Chen, H. and Cheng, G. M. and Chen,
                  H. S. and Cheng, L. and Chernoplyiokov, N. and Chikanian,
                  A. and Choumilov, E. and Choutko, V. and Chung, C. H. and
                  Clark, C. and Clavero, R. and Coignet, G. and Commichau,
                  V. and Consolandi, C. and Contin, A. and Corti, C. and Costado
                  Dios, M. T. and Coste, B. and Crespo, D. and Cui, Z. and Dai,
                  M. and Delgado, C. and Della Torre, S. and Demirkoz, B. and
                  Dennett, P. and Derome, L. and Di Falco, S. and Diao,
                  X. H. and Diago, A. and Djambazov, L. and D\'\iaz, C. and von
                  Doetinchem, P. and Du, W. J. and Dubois, J. M. and Duperay,
                  R. and Duranti, M. and D'Urso, D. and Egorov, A. and Eline,
                  A. and Eppling, F. J. and Eronen, T. and van Es, J. and Esser,
                  H. and Falvard, A. and Fiandrini, E. and Fiasson, A. and
                  Finch, E. and Fisher, P. and Flood, K. and Foglio, R. and
                  Fohey, M. and Fopp, S. and Fouque, N. and Galaktionov, Y. and
                  Gallilee, M. and Gallin-Martel, L. and Gallucci, G. and
                  Garc\'\ia, B. and Garc\'\ia, J. and Garc\'\ia-L\'opez, R. and
                  Garc\'\ia-Tabares, L. and Gargiulo, C. and Gast, H. and
                  Gebauer, I. and Gentile, S. and Gervasi, M. and Gillard,
                  W. and Giovacchini, F. and Girard, L. and Goglov, P. and Gong,
                  J. and Goy-Henningsen, C. and Grandi, D. and Graziani, M. and
                  Grechko, A. and Gross, A. and Guerri, I. and de la Gu\'\ia,
                  C. and Guo, K. H. and Habiby, M. and Haino, S. and Hauler,
                  F. and He, Z. H. and Heil, M. and Heilig, J. and Hermel,
                  R. and Hofer, H. and Huang, Z. C. and Hungerford, W. and
                  Incagli, M. and Ionica, M. and Jacholkowska, A. and Jang,
                  W. Y. and Jinchi, H. and Jongmanns, M. and Journet, L. and
                  Jungermann, L. and Karpinski, W. and Kim, G. N. and Kim,
                  K. S. and Kirn, Th. and Kossakowski, R. and Koulemzine, A. and
                  Kounina, O. and Kounine, A. and Koutsenko, V. and Krafczyk,
                  M. S. and Laudi, E. and Laurenti, G. and Lauritzen, C. and
                  Lebedev, A. and Lee, M. W. and Lee, S. C. and Leluc, C. and
                  Le\'on Vargas, H. and Lepareur, V. and Li, J. Q. and Li,
                  Q. and Li, T. X. and Li, W. and Li, Z. H. and Lipari, P. and
                  Lin, C. H. and Liu, D. and Liu, H. and Lomtadze, T. and Lu,
                  Y. S. and Lucidi, S. and L\"ubelsmeyer, K. and Luo, J. Z. and
                  Lustermann, W. and Lv, S. and Madsen, J. and Majka, R. and
                  Malinin, A. and Ma\~n\'a, C. and Mar\'\in, J. and Martin,
                  T. and Mart\'\inez, G. and Masciocchi, F. and Masi, N. and
                  Maurin, D. and McInturff, A. and McIntyre, P. and
                  Menchaca-Rocha, A. and Meng, Q. and Menichelli, M. and Mereu,
                  I. and Millinger, M. and Mo, D. C. and Molina, M. and Mott,
                  P. and Mujunen, A. and Natale, S. and Nemeth, P. and Ni,
                  J. Q. and Nikonov, N. and Nozzoli, F. and Nunes, P. and
                  Obermeier, A. and Oh, S. and Oliva, A. and Palmonari, F. and
                  Palomares, C. and Paniccia, M. and Papi, A. and Park,
                  W. H. and Pauluzzi, M. and Pauss, F. and Pauw, A. and
                  Pedreschi, E. and Pensotti, S. and Pereira, R. and Perrin,
                  E. and Pessina, G. and Pierschel, G. and Pilo, F. and Piluso,
                  A. and Pizzolotto, C. and Plyaskin, V. and Pochon, J. and
                  Pohl, M. and Poireau, V. and Porter, S. and Pouxe, J. and
                  Putze, A. and Quadrani, L. and Qi, X. N. and Rancoita,
                  P. G. and Rapin, D. and Ren, Z. L. and Ricol, J. S. and
                  Riihonen, E. and Rodr\'\iguez, I. and Roeser, U. and
                  Rosier-Lees, S. and Rossi, L. and Rozhkov, A. and Rozza,
                  D. and Sabellek, A. and Sagdeev, R. and Sandweiss, J. and
                  Santos, B. and Saouter, P. and Sarchioni, M. and Schael,
                  S. and Schinzel, D. and Schmanau, M. and Schwering, G. and
                  Schulz von Dratzig, A. and Scolieri, G. and Seo, E. S. and
                  Shan, B. S. and Shi, J. Y. and Shi, Y. M. and Siedenburg,
                  T. and Siedling, R. and Son, D. and Spada, F. and Spinella,
                  F. and Steuer, M. and Stiff, K. and Sun, W. and Sun, W. H. and
                  Sun, X. H. and Tacconi, M. and Tang, C. P. and Tang, X. W. and
                  Tang, Z. C. and Tao, L. and Tassan-Viol, J. and Ting, Samuel
                  C. C. and Ting, S. M. and Titus, C. and Tomassetti, N. and
                  Toral, F. and Torsti, J. and Tsai, J. R. and Tutt, J. C. and
                  Ulbricht, J. and Urban, T. and Vagelli, V. and Valente, E. and
                  Vannini, C. and Valtonen, E. and Vargas Trevino, M. and
                  Vaurynovich, S. and Vecchi, M. and Vergain, M. and Verlaat,
                  B. and Vescovi, C. and Vialle, J. P. and Viertel, G. and
                  Volpini, G. and Wang, D. and Wang, N. H. and Wang, Q. L. and
                  Wang, R. S. and Wang, X. and Wang, Z. X. and Wallraff, W. and
                  Weng, Z. L. and Willenbrock, M. and Wlochal, M. and Wu, H. and
                  Wu, K. Y. and Wu, Z. S. and Xiao, W. J. and Xie, S. and Xiong,
                  R. Q. and Xin, G. M. and Xu, N. S. and Xu, W. and Yan, Q. and
                  Yang, J. and Yang, M. and Ye, Q. H. and Yi, H. and Yu,
                  Y. J. and Yu, Z. Q. and Zeissler, S. and Zhang, J. G. and
                  Zhang, Z. and Zhang, M. M. and Zheng, Z. M. and Zhuang,
                  H. L. and Zhukov, V. and Zichichi, A. and Zuccon, P. and
                  Zurbach, C.},
authortype = {AMS Collaboration},
    title = "{First Result from the Alpha Magnetic Spectrometer on the
                  International Space Station: Precision Measurement of the
                  Positron Fraction in Primary Cosmic Rays of 0.5--350
                  \si{\giga\electronvolt}}",
  journal = {Physical Review Letters},
publisher = {American Physical Society},
 keywords = {Composition, energy spectra and interactions, Electrons, Dark
                  matter, Neutrino, muon, pion, and other elementary particle
                  detectors; cosmic ray detectors},
     year = 2013,
    month = apr,
   volume = 110,
   number = 14,
      eid = {141102},
    pages = {141102},
      doi = {10.1103/PhysRevLett.110.141102},
}
